<?xml version="1.0" encoding="UTF-8"?><collection xmlns="http://www.loc.gov/MARC21/slim"><record><leader>00450nam--2200157-i-4500</leader><controlfield tag="001">000048026</controlfield><controlfield tag="002">20161230</controlfield><controlfield tag="005">20161230201046</controlfield><controlfield tag="008">060222s1000------------r-----000-0-eng-d</controlfield><datafield ind1=" " ind2=" " tag="080"><subfield code="a">536.24:537.321(043)</subfield></datafield><datafield ind1=" " ind2=" " tag="100"><subfield code="a">Zijp, Johannes Petrus</subfield></datafield><datafield ind1=" " ind2=" " tag="245"><subfield code="a">Heat transport during gas tungsten arc welding</subfield><subfield code="b">Dissertation</subfield><subfield code="c">Johannes petrus zijp</subfield></datafield><datafield ind1=" " ind2=" " tag="260"><subfield code="a">Delft</subfield><subfield code="b">Universiteit</subfield><subfield code="c">1990</subfield></datafield><datafield ind1=" " ind2=" " tag="300"><subfield code="a">163P</subfield></datafield><datafield ind1=" " ind2=" " tag="852"><subfield code="a">79453</subfield><subfield code="c">536</subfield></datafield><datafield ind1=" " ind2=" " tag="CAT"><subfield code="a">Sys</subfield><subfield code="c">20110512</subfield><subfield code="h">110415</subfield></datafield></record></collection>